@Misc{But20,
    author = "Butler, R.",
    title = "Calculating Deforestation Figures for the Amazon. \textit{Mongabay}",
    note = "https://rainforests.mongabay.com/amazon/deforestation\_calculations.html",
    year = "2020, January 4"
}

@Misc{Gov20,
    author = "{Government of Brazil.}",
    title = " Queimadas. \textit{INSTITUTO NACIONAL DE PESQUISAS ESPACIAIS}",
    year = "2020, November 4",
    note = "http://queimadas.dgi.inpe.br/queimadas/portal-static/situacao-atual/"
}

@Misc{N3B43,
    author = "NASA",
    title = "TRMM (TMPA/3B43) Rainfall Estimate L3 1 month 0.25 degree x 0.25 degree V7 (TRMM\_3B43)",
    year = "2020",
    note = "https://disc.gsfc.nasa.gov/datasets/TRMM\_3B43\_7/summary"
}

@Misc{Mar20,
    author = "Marshall, M.",
    title = "Planting trees doesn’t always help with climate change. \textit{BBC}",
    year = "2020, May 26",
    note = "https://www.bbc.com/future/article/20200521-planting-trees-doesnt-always-help-with-climate-change"
}

@Article{Mel93,
    author = "Melillo, J.M. and McGuire, A.D. and Kicklighter, D.W. and Moore III, B. and Vörösmarty, C.J.",
    title = "Global climate change and terrestrial net primary production. \textit{Nature}",
    year = "1993, May 20",
    volume = "363",
    issue = "6426",
    pages = "234–240",
    note = "https://www.bbc.com/future/article/20200521-planting-trees-doesnt-always-help-with-climate-change"
}

@Article{CO2cl,
    author = "Syukuro Manabe",
    title = "On the Distribution of Climate Change Resulting from an Increase in CO 2 Content of the Atmosphere",
    year = "December 1979"
}

@Misc{Reu20,
    author = "Reuters, T.",
    year = "2020",
    title = "Brazil Amazon deforestation up in June, set for worst year in over a decade. \textit{CBC}",
    note = "https://www.cbc.ca/news/world/amazon-deforestation-up-june-1.5644730"
}

@Misc{Sci20,
    author = "{SciPy community}",
    year = "2020, June 29",
    title = "numpy.polyfit",
    note = "https://numpy.org/doc/stable/reference/generated/numpy.polyfit.html"
}

@Misc{Tho20,
    author = "Thomas, A.",
    year = "2020",
    title = "Biodiversity and the Amazon Rainforest. \textit{Greenpeace}",
    note = "https://www.greenpeace.org/usa/biodiversity-and-the-amazon-rainforest/"
}

@Misc{WWF13,
    author = "{World Wildlife Fund.}",
    title = "Our World's Largest Rainforest: The Amazon [Youtube]. \textit{Youtube}",
    year = "2013",
    note = "https://www.youtube.com/watch?v=bYAZ3NWVgtc"
}

@Misc{Pan20,
    author = "{Pandas Development Team.}",
    title = "pandas documentation",
    year = "2020",
    note = "https://pandas.pydata.org/docs/"
}

@Misc{PytOS,
    author = "{Python Software Foundation}",
    title = "python os.listdir",
    year = "2020",
    note = "https://docs.python.org/3/library/os.html\#os.listdir"
}

@Misc{Pycsv,
    author = "{Python Software Foundation}",
    title = "python csv library",
    year = "2020",
    note = "https://docs.python.org/3/library/csv.html"
}

@Misc{Pyhdf,
    author = "{Open source community}",
    title = "python hdf library",
    year = "2020",
    note = "https://github.com/fhs/pyhdf"
}

@Misc{Pynpy,
    author = "{Numpy community}",
    title = "python numpy library",
    year = "2020",
    note = "https://numpy.org/"
}

@Misc{Pympl,
    author = "{John Hunter, Darren Dale, Eric Firing, Michael Droettboom and the Matplotlib development team}",
    title = "python matplotlib library",
    year = "2020",
    note = "https://matplotlib.org/"
}

@Misc{Gmthrm11,
    author = "{Frank Wood}",
    title = "Gauss Markov Theorem",
    year = "2011",
    note = "{\href{https://www.robots.ox.ac.uk/~fwood/teaching/W4315\_Fall2011/Lectures/gauss\_markov\_theorem/main.pdf}{THE LINK TO THE REFERENCES}}"
}

@Misc{Ols,
    author = "{Gordon Anderson}",
    title = "Ordinary Least Squares",
    year = "2009",
    note = "\href{https://www.economics.utoronto.ca/anderson/09eco220/OrdinaryLeastSquaresRegression.pdf}{THE LINK TO THE REFERENCES}"
}